% vim:ts=4:sw=4

@online{deepwalk,
	author = {B. Perozzi, R. Al-Rfou, and S. Skiena.},
	title = {Deepwalk: Online learning of social representations. },
	type = {In Proceedings of the 20th ACM SIGKDD international conference on Knowledge discovery and data mining, pages 701–710. ACM},
	date = {2014},
	language = {english},
}

@online{lineR,
  title = {LINE: Large-scale Information Network Embedding},
  author = {Jian Tang, Meng Qu, Mingzhe Wang, Ming Zhang, Jun Yan, Qiaozhu Mei},
  type = {arXiv preprint arXiv:1503.03578},
  date = {2015},
  language = {english},
}
Jian Tang, Meng Qu, Mingzhe Wang, Ming Zhang, Jun Yan, Qiaozhu Mei
@online{node1,
	title = {LINE: Large-scale Information Network Embedding},
	author = {Tang, Jian and Qu, Meng and Wang, Mingzhe and Zhang, Ming and Yan, Jun and Mei, Qiaozhu},
	type = {To appear in WWW'15.},
	date = {2015},
	language = {english},
}

@online{node,
	title = {Node classification in social networks.},
	author = {S. Bhagat, G. Cormode, and S. Muthukrishnan.},
	type = {In Social Network Data Analytics, pages 115–148.},
	date = {2011},
	language = {english},
}

@book{deep,
  title={Deep Learning},
  author={Deng, Li and Yu, Dong},
  year={2014},
  publisher={Now Publishers Incorporated}
}

@online{faceR,
	author = {R. Brunelli and T. Poggio. },
	title = {Face recognition: Features versus
templates.},
	type = {IEEE Transactions on Pattern Analysis and Machine Intelligence},
	date = {1993},
	language = {english},
}

@online{ionic,
	title = {Ionic framework 文档},
	url = {http://ionicframework.com/docs/},
}

@online{face,
	title = {Face++API文档},
	url = {http://www.faceplusplus.com.cn/api-overview/},
}


@online{ML1,
	author = {D. Lin.},
	title = {An Information-Theoretic Definition of Similarity.},
	type = {Proc. Machine Learning ’98, pp. 296–304},
	date = {1998},
}
 
@online{ML2,
	author = {Bishop, C. M.},
	title = {Neural Networks for Pattern Recognition. },
	date = {1995},
}

@online{ML3,
	author = {Kearns, M. and Vazirani, U.},
	title = {Computational Learning Theory.},
	date = {1994},
}

@online{biber,
	author = {Kime, Philip and Charette, Fran\c{c}ois},
	title = {Biber: A backend bibliography processor for biblatex (Version 1.8)},
	type = {M/OL},
	date = {2013-10-18},
	url = {http://mirror.ctan.org/biblio/biber/},
	urldate = {2014-05-24},
	language = {english},
}

@online{biblatex,
	author = {Lehman, Philipp},
	title = {The biblatex Package: Programmable Bibliographies and Citations (Ver.\ 2.8a)},
	type = {M/OL},
	date = {2013-11-25},
	url = {http://mirror.ctan.org/macros/latex/exptl/biblatex/},
	urldate = {2014-05-24},
	language = {english},
}

@online{biblatex-caspervector,
	author = {Vector, Casper Ti.},
	title = {biblatex 参考文献和引用样式：caspervector v0.2.1},
	type = {M/OL},
	date = {2015-04-28},
	url = {https://github.com/CasperVector/biblatex-caspervector/releases/tag/v0.2.1},
	urldate = {2015-04-28},
	language = {chinese},
}

@online{caption,
	author = {Sommerfeldt, Alex},
	title = {Customizing captions of floating environments},
	type = {M/OL},
	date = {2011-11-02},
	url = {http://mirror.ctan.org/macros/latex/contrib/caption},
	urldate = {2013-06-03},
	language = {english},
}

@online{ctex,
	author = {{ctex.org}},
	title = {ctex 宏包说明（v1.02c）},
	type = {M/OL},
	date = {2011-03-11},
	url = {http://mirror.ctan.org/language/chinese/ctex/},
	urldate = {2012-08-01},
	language = {chinese},
}

@online{ctex-faq,
	author = {吴凌云},
	title = {\CTeX{} FAQ（常见问题集），0.4 beta (89) 版},
	type = {M/OL},
	date = {2007-01-30},
	url = {http://mirror.ctan.org/info/ctex-faq/},
	urldate = {2012-08-01},
	language = {chinese},
}

@online{enumitem,
	author = {Bezos, Javier},
	title = {Customizing lists with the enumitem package (Version 3.5.2)},
	type = {M/OL},
	date = {2011-09-28},
	url = {http://mirror.ctan.org/macros/latex/contrib/enumitem/},
	urldate = {2012-08-01},
	language = {english},
}

@online{fancyhdr,
	author = {van Oostrum, Piet},
	title = {Page layout in \hologo{LaTeX}},
	type = {M/OL},
	date = {2004-03-02},
	url = {http://mirror.ctan.org/macros/latex/contrib/fancyhdr/},
	urldate = {2012-08-01},
	language = {english},
}

@online{geometry,
	author = {Umeki, Hideo},
	title = {The geometry package (v5.6)},
	type = {M/OL},
	date = {2010-09-12},
	url = {http://mirror.ctan.org/macros/latex/contrib/geometry/},
	urldate = {2012-08-01},
	language = {english},
}

@online{graphicx,
	author = {Carlisle, D. P.},
	title = {Packages in the `graphics' bundle},
	type = {M/OL},
	date = {2005-11-14},
	url = {http://mirror.ctan.org/macros/latex/required/graphics/},
	urldate = {2012-08-01},
	language = {english},
}

@online{hyperref,
	author = {Rahtz, Sebastian and Oberdiek, Heiko},
	title = {Hypertext marks in \hologo{LaTeX}: a manual for hyperref (v6.82q)},
	type = {M/OL},
	date = {2012-05-13},
	url = {http://mirror.ctan.org/macros/latex/contrib/hyperref/},
	urldate = {2012-08-01},
	language = {english},
}

@online{scrextend,
	author = {Kohm, Markus and Morawski, Jens-Uwe},
	title = {KOMA-Script: a versatile \hologo{LaTeX2e} bundle},
	type = {M/OL},
	date = {2015-02-07},
	url = {http://mirror.ctan.org/macros/latex/contrib/koma-script/},
	urldate = {2015-04-26},
	language = {english},
}

@online{subfig,
	author = {Cochran, Steven Douglas},
	title = {The Subfig Package (v1.3)},
	type = {M/OL},
	date = {2005-07-05},
	url = {http://mirror.ctan.org/macros/latex/contrib/subfig},
	urldate = {2015-04-26},
	language = {english},
}

@online{tikz,
	author = {Till Tantau},
	title = {The TikZ and PGF Packages: Manual for version 3.0.0},
	type = {M/OL},
	date = {2013-12-20},
	url = {http://mirror.ctan.org/graphics/pgf/},
	urldate = {2015-04-26},
	language = {english},
}

@online{tocloft,
	author = {Robertson, Will},
	title = {The tocloft package},
	type = {M/OL},
	date = {2013-12-20},
	url = {http://mirror.ctan.org/macros/latex/contrib/tocloft/},
	urldate = {2013-05-02},
	language = {english},
}

@online{xCJK2uni,
	author = {李清},
	title = {xCJK2uni 宏包（v0.1）},
	type = {M/OL},
	date = {2013-08-17},
	url = {http://mirror.ctan.org/macros/latex/contrib/xcjk2uni/},
	urldate = {2014-05-10},
	language = {chinese},
}

@online{dypang,
	author = {dypang},
	title = {北京大学硕博论文模版（测试版）},
	type = {EB/OL},
	date = {2005-04-05},
	url = {http://bdwm.net/a.php?b/Thesis/M.1112645491.A/D10F612.rar},
	urldate = {2012-08-01},
	language = {chinese},
}

@online{FerretL,
	author = {FerretL},
	title = {新的 pku 博士论文模板},
	type = {EB/OL},
	date = {2007-03-27},
	url = {http://bdwm.net/a.php?b/Thesis/M.1174982168.A/4270722.rar},
	urldate = {2012-08-01},
	language = {chinese},
}

@online{lwolf,
	author = {lwolf},
	title = {学士（硕/博）毕业论文模板 [基于 dypang 的模板]},
	type = {EB/OL},
	date = {2007-05-15},
	url = {http://bdwm.net/a.php?b/MathTools/M.1179239165.A/5A2D5A2.rar},
	urldate = {2012-08-01},
	language = {chinese},
}

@online{Langpku,
	author = {Langpku},
	title = {Re: 关于置底模版的问题和一些修改},
	type = {EB/OL},
	date = {2007-06-01},
	url = {http://bdwm.net/a.php?b/MathTools/M.1180676700.A/DBB7810.zip},
	urldate = {2012-08-01},
	language = {chinese},
}

@online{solvethis,
	author = {solvethis},
	title = {Re: 学位论文模板更新},
	type = {EB/OL},
	date = {2008-03-13},
	url = {http://bdwm.net/a.php?b/Thesis/M.1205377509.A/9413ED2.rar},
	urldate = {2012-08-01},
	language = {chinese},
}

@online{pku-originauth,
	author = {北京大学研究生院},
	title = {北京大学学位论文原创性声明和使用授权说明（末页限重新申请学位使用）},
	type = {M/OL},
	date = {2014-04-16},
	url = {http://grs.pku.edu.cn/document/20140416144734027222.doc},
	urldate = {2015-04-26},
	language = {chinese},
}

@online{pku-thesisstyle,
	author = {北京大学学位办公室},
	title = {北京大学研究生学位论文写作指南},
	type = {M/OL},
	date = {2014-05},
	url = {http://grs.pku.edu.cn/document/20140918140526208797.pdf},
	urldate = {2015-04-26},
	language = {chinese},
}

